\begin{thebibliography}{8}
\bibitem{cos2} articolo dove Ã¨ stata misurata distribuzione $cos^2$
\end{thebibliography}